@ARTICLE{MRT,
AUTHOR={J. Nishihata},
TITLE={McGill Rocket Team Soars to First Place at Spaceport America Cup},
JOURNAL={McGill Faculty of Engineering, July 13, 2018},
YEAR={2018}
}

@ARTICLE{CRC,
AUTHOR={N. Montillaro},
TITLE={Why doesn't Canada have a rocket program},
JOURNAL={CBC News, February 2, 2018},
YEAR={2018}
}

@ARTICLE{MSS,
AUTHOR={M. Boucher},
TITLE={The Emergence of the Montreal Space Symposium},
JOURNAL={SpaceQ Media, October 17, 2017},
YEAR={2017}
}

@Book{Conway2000,
author = {Damian Conway},
title = {Object {O}riented {P}erl: {A} comprehensive guide to concepts and programming techniques},
publisher = {Manning Publications Co.},
year = {2000},
address = {Connecticut, USA}
}

@incollection{MSS18,
author = {S. Papais and B. Foing},
title = {3D Vision Studies for ESA EuroMoonMars 2018 Campaign},
booktitle={2nd Montreal Space Symposium, Montreal, QC, Canada, 17 October 2018},
year = {2018}
}

@incollection{CASI18,
  title={Low-Thrust Spacecraft Interplanetary Navigation Using Radiometric Tracking and Accelerometer Measurements.},
  author={S. Papais and K. Carroll, and J. Forbes},
  booktitle={18th CASI Astro Conference, Toronto, ON, Canada, May 16, 2018},
  year={2018}
}

@incollection{CASI19,
  title={Launch Vehicle Design and Trajectory Optimization Using Direct Collocation and Nonlinear Programming.},
  author={Papais, S. and Cosette, C. and Forbes, J.},
  booktitle={19th CASI Astro Conference, Laval, QC, Canada, May 18, 2019},
  address = {Laval, Canada},
  year={2019}
}

@incollection{CASI20,
  title={Autonomous Moon Landing Guidance, Navigation and Control Systems Development and Validation.},
  author={Jean-Francois, H. and Neveu, D. and Minville, M. and Mercier, G. and Sobiesiak, L. and Papais, S. and Beadette, D.},
  booktitle={20th CASI Astro Conference, Date TBD (Postponed)},
  year={2020}
}

@inproceedings{AC20,
  title={Architecture Trades for Accessing Small Bodies with an Autonomous Small Spacecraft.},
  author={S. Papais and B. Hockman and S. Bandyopadhyay and R. Karimi and S. Bhaskaran and I. Nesnas},
  booktitle={41st IEEE Aerospace Conference, Big Sky, MT, USA, March 12, 2020},
  year={2020}
}